<record><leader>00000cas a22000007a 4500</leader><controlfield tag="001">13957861</controlfield><controlfield tag="008">860728d19611980nvudn ne      0    0eng d</controlfield><datafield ind1=" " ind2=" " tag="010"><subfield code="a">sn 86076331 </subfield></datafield><datafield ind1=" " ind2=" " tag="040"><subfield code="a">NNX</subfield><subfield code="b">eng</subfield><subfield code="c">NNX</subfield><subfield code="d">OCLCQ</subfield></datafield><datafield ind1=" " ind2=" " tag="042"><subfield code="a">msc</subfield></datafield><datafield ind1="0" ind2="0" tag="245"><subfield code="a">Fallon eagle-standard.</subfield></datafield><datafield ind1="3" ind2="0" tag="246"><subfield code="a">Eagle-standard</subfield></datafield><datafield ind1=" " ind2=" " tag="260"><subfield code="a">Fallon, Nev. :</subfield><subfield code="b">Fallon Pub. Co.,</subfield><subfield code="c">1961-1980.</subfield></datafield><datafield ind1=" " ind2=" " tag="300"><subfield code="a">19 v. :</subfield><subfield code="b">ill.</subfield></datafield><datafield ind1=" " ind2=" " tag="310"><subfield code="a">Daily (except Sat., Sun., and holidays),</subfield><subfield code="b">Apr. 2, 1973-Feb. 29, 1980</subfield></datafield><datafield ind1=" " ind2=" " tag="321"><subfield code="a">Semiweekly,</subfield><subfield code="b">Nov. 17, 1961-Mar. 30, 1973</subfield></datafield><datafield ind1="0" ind2=" " tag="362"><subfield code="a">Vol. 58, no. 5 (Nov. 17, 1961)-v. 76, no. 202 (Feb. 29, 1980).</subfield></datafield><datafield ind1=" " ind2=" " tag="500"><subfield code="a">Title from publisher's statement: Eagle-standard, Nov. 17, 1961-Jan. 1, 1971.</subfield></datafield><datafield ind1=" " ind2=" " tag="500"><subfield code="a">Publisher: June 3, 1974-June 15, 1979, S.E. Burgess; June 18, 1979-Feb. 29, 1980, S.D. Baughman.</subfield></datafield><datafield ind1=" " ind2=" " tag="515"><subfield code="a">Frequent misnumbering.</subfield></datafield><datafield ind1=" " ind2=" " tag="525"><subfield code="a">Supplements accompany some issues.</subfield></datafield><datafield ind1=" " ind2=" " tag="752"><subfield code="a">United States</subfield><subfield code="b">Nevada</subfield><subfield code="c">Churchill</subfield><subfield code="d">Fallon.</subfield></datafield><datafield ind1="0" ind2="0" tag="780"><subfield code="t">Eagle-standard</subfield><subfield code="w">(DLC)sn 86076305</subfield></datafield><datafield ind1="0" ind2="0" tag="785"><subfield code="t">Eagle standard</subfield><subfield code="w">(DLC)sn 86076332</subfield></datafield></record>